<record><leader>00000cas a2200000 a 4500</leader><controlfield tag="001">10848769</controlfield><controlfield tag="008">840615d18uu1927ksudr ne      0   a0eng d</controlfield><datafield ind1=" " ind2=" " tag="010"><subfield code="a">sn 84029248 </subfield></datafield><datafield ind1=" " ind2=" " tag="040"><subfield code="a">KSH</subfield><subfield code="b">eng</subfield><subfield code="c">KSH</subfield><subfield code="d">NPT</subfield><subfield code="d">OCL</subfield><subfield code="d">OCLCQ</subfield></datafield><datafield ind1=" " ind2=" " tag="042"><subfield code="a">msc</subfield></datafield><datafield ind1="0" ind2="4" tag="245"><subfield code="a">The Pittsburg daily headlight.</subfield></datafield><datafield ind1="3" ind2="0" tag="246"><subfield code="a">Daily Pittsburg headlight</subfield></datafield><datafield ind1=" " ind2=" " tag="260"><subfield code="a">Pittsburg, Kan. :</subfield><subfield code="b">Wm. Moore &amp; Son,</subfield><subfield code="c">-1927.</subfield></datafield><datafield ind1=" " ind2=" " tag="300"><subfield code="a">v. :</subfield><subfield code="b">ill. ;</subfield><subfield code="c">59 cm.</subfield></datafield><datafield ind1=" " ind2=" " tag="310"><subfield code="a">Daily</subfield></datafield><datafield ind1="0" ind2=" " tag="362"><subfield code="a">-v. 41, no. 81 (July 22, 1927).</subfield></datafield><datafield ind1=" " ind2=" " tag="500"><subfield code="a">Published as: Daily Pittsburg headlight, Jan. 30, 1894-Feb. 19, 1894.</subfield></datafield><datafield ind1=" " ind2=" " tag="588"><subfield code="a">Description based on: Vol. 4, no. 219 (Jan. 1, 1891).</subfield></datafield><datafield ind1=" " ind2=" " tag="752"><subfield code="a">United States</subfield><subfield code="b">Kansas</subfield><subfield code="c">Crawford</subfield><subfield code="d">Pittsburg.</subfield></datafield><datafield ind1="0" ind2="0" tag="780"><subfield code="t">Daily headlight (Pittsburg, Kan.)</subfield><subfield code="w">(DLC)sn 84029247</subfield></datafield><datafield ind1="0" ind2="0" tag="785"><subfield code="t">Pittsburg headlight (Pittsburg, Kan. : 1927)</subfield><subfield code="w">(DLC)sn 84029249</subfield></datafield></record>